@article{alwin1985measurement,
  title     = {The measurement of values in surveys: A comparison of ratings and rankings},
  author    = {Alwin, Duane F and Krosnick, Jon A},
  journal   = {Public Opinion Quarterly},
  volume    = {49},
  number    = {4},
  pages     = {535--552},
  year      = {1985},
  publisher = {Oxford University Press}
}
@article{araujo2017much,
  title     = {How much time do you spend online? Understanding and improving the accuracy of self-reported measures of Internet use},
  author    = {Araujo, Theo and Wonneberger, Anke and Neijens, Peter and de Vreese, Claes},
  year      = 2017,
  journal   = {Communication Methods and Measures},
  publisher = {Taylor \& Francis},
  volume    = 11,
  number    = 3,
  pages     = {173--190}
}
@article{batchelor2016extreme,
  title   = {Extreme response style: A meta-analysis},
  author  = {Batchelor, John H and Miao, Chao},
  journal = {Journal of Organizational Psychology},
  volume  = {16},
  number  = {2},
  year    = {2016}
}
@article{benade2020preference,
  title     = {Preference elicitation for participatory budgeting},
  author    = {Benade, Gerdus and Nath, Swaprava and Procaccia, Ariel D and Shah, Nisarg},
  journal   = {Management Science},
  year      = {2020},
  publisher = {INFORMS}
}
@article{benz2008people,
  title     = {Do people behave in experiments as in the field?â€”evidence from donations},
  author    = {Benz, Matthias and Meier, Stephan},
  year      = 2008,
  journal   = {Experimental economics},
  publisher = {Springer},
  volume    = 11,
  number    = 3,
  pages     = {268--281}
}
@article{berinsky2012evaluating,
  title     = {Evaluating online labor markets for experimental research: Amazon. com's Mechanical Turk},
  author    = {Berinsky, Adam J and Huber, Gregory A and Lenz, Gabriel S},
  journal   = {Political analysis},
  volume    = {20},
  number    = {3},
  pages     = {351--368},
  year      = {2012},
  publisher = {Cambridge University Press}
}
@article{bishop2015use,
  title     = {Use and misuse of the Likert item responses and other ordinal measures},
  author    = {Bishop, Phillip A and Herron, Robert L},
  year      = 2015,
  journal   = {International journal of exercise science},
  publisher = {Western Kentucky University},
  volume    = 8,
  number    = 3,
  pages     = 297
}
@article{cabannes2004participatory,
  title     = {Participatory budgeting: a significant contribution to participatory democracy},
  author    = {Cabannes, Yves},
  journal   = {Environment and urbanization},
  volume    = {16},
  number    = {1},
  pages     = {27--46},
  year      = {2004},
  publisher = {Sage Publications Sage CA: Thousand Oaks, CA}
}
@article{cavaille2018towards,
  title     = {Towards a General Theory of Survey Response: Likert Scales Vs. Quadratic Voting for Attitudinal Research},
  author    = {Cavaill{\'e}, Charlotte and Chen, Daniel L and Van Der Straeten, Karine},
  year      = 2018,
  publisher = {TSE Working Paper}
}
@online{census2018,
  title   = {Educational Attainment in the United States: 2018},
  year    = 2019,
  url     = {https://www.census.gov/data/tables/2018/demo/education-attainment/cps-detailed-tables.html},
  urldate = {2020-10-13}
}
@article{champ1997using,
  title     = {Using donation mechanisms to value nonuse benefits from public goods},
  author    = {Champ, Patricia A and Bishop, Richard C and Brown, Thomas C and McCollum, Daniel W},
  journal   = {Journal of environmental economics and management},
  volume    = {33},
  number    = {2},
  pages     = {151--162},
  year      = {1997},
  publisher = {Elsevier}
}
@article{chen2006cognitive,
  title     = {A cognitive approach to user perception of multimedia quality: An empirical investigation},
  author    = {Chen, Sherry Y and Ghinea, Gheorghita and Macredie, Robert D},
  year      = 2006,
  journal   = {International Journal of Human-Computer Studies},
  publisher = {Elsevier},
  volume    = 64,
  number    = 12,
  pages     = {1200--1213}
}
@inproceedings{claypool1999effects,
  title        = {The effects of jitter on the peceptual quality of video},
  author       = {Claypool, Mark and Tanner, Jonathan},
  year         = 1999,
  booktitle    = {Proceedings of the seventh ACM international conference on Multimedia (Part 2)},
  pages        = {115--118},
  organization = {ACM}
}
@online{colorado_qv,
  title   = {\$120 million in requests and \$40 million in the bank. How an obscure theory helped prioritize the Colorado budget.},
  year    = 2019,
  url     = {https://coloradosun.com/2019/05/28/quadratic-voting-colorado-house-budget/},
  urldate = {2020-10-15}
}
@book{converse1986survey,
  title     = {Survey questions: Handcrafting the standardized questionnaire},
  author    = {Converse, Jean M and Jean McDonnell, Converse and Presser, Stanley},
  volume    = {63},
  year      = {1986},
  publisher = {Sage}
}
@article{davey2007one,
  title     = {A one-item question with a Likert or Visual Analog Scale adequately measured current anxiety},
  author    = {Davey, Heather M and Barratt, Alexandra L and Butow, Phyllis N and Deeks, Jonathan J},
  journal   = {Journal of clinical epidemiology},
  volume    = {60},
  number    = {4},
  pages     = {356--360},
  year      = {2007},
  publisher = {Elsevier}
}
@article{david2000NHST,
  title     = {Null Hypothesis Testing: Problems, Prevalence, and an Alternative},
  author    = {David R. Anderson and Kenneth P. Burnham and William L. Thompson},
  year      = 2000,
  journal   = {The Journal of Wildlife Management},
  publisher = {[Wiley, Wildlife Society]},
  volume    = 64,
  number    = 4,
  pages     = {912--923},
  issn      = {0022541X, 19372817},
  url       = {http://www.jstor.org/stable/3803199}
}
@article{dawes2008data,
  title     = {Do data characteristics change according to the number of scale points used? An experiment using 5-point, 7-point and 10-point scales},
  author    = {Dawes, John},
  journal   = {International journal of market research},
  volume    = {50},
  number    = {1},
  pages     = {61--104},
  year      = {2008},
  publisher = {SAGE Publications Sage UK: London, England}
}
@inproceedings{difallah2018demographics,
  title     = {Demographics and dynamics of mechanical Turk workers},
  author    = {Difallah, Djellel and Filatova, Elena and Ipeirotis, Panos},
  booktitle = {Proceedings of the eleventh ACM international conference on web search and data mining},
  pages     = {135--143},
  year      = {2018}
}
@article{easley2012networks,
  title  = {Networks, crowds, and markets},
  author = {Easley, David and Kleinberg, Jon and others}
}
@inproceedings{edmondson2005likert,
  title     = {Likert scales: A history},
  author    = {Edmondson, Diane R},
  year      = 2005,
  booktitle = {Proceedings of the 12th conference on historical analysis and research in marketing (CHARM)},
  pages     = {127--133}
}
@article{eguia2019quadratic,
  title   = {Quadratic voting with multiple alternatives},
  author  = {Eguia, Jon X and Immorlica, Nicole and Ligett, Katrina and Weyl, E Glen and Xefteris, Dimitrios},
  year    = 2019,
  journal = {Available at SSRN 3319508}
}
@online{experiment2015,
  author = {Olga Nikolayeva and Esteban Buz and Linda Liu and Andrew Watts and Tim Florian Jaeger},
  title  = {Web based tutorial on experimental design.},
  year   = {2015},
  url    = {https://www.hlp.rochester.edu/resources/BCS152-Tutorial/}
}

@article{fehr2007human,
  title     = {Human motivation and social cooperation: Experimental and analytical foundations},
  author    = {Fehr, Ernst and Gintis, Herbert},
  journal   = {Annu. Rev. Sociol.},
  volume    = {33},
  pages     = {43--64},
  year      = {2007},
  publisher = {Annual Reviews}
}
@article{finstad2010,
  title     = {Response interpolation and scale sensitivity: Evidence against 5-point scales},
  author    = {Finstad, Kraig},
  year      = 2010,
  journal   = {Journal of Usability Studies},
  publisher = {Usability Professionals' Association},
  volume    = 5,
  number    = 3,
  pages     = {104--110}
}
@article{furnham1986response,
  title     = {Response bias, social desirability and dissimulation},
  author    = {Furnham, Adrian},
  journal   = {Personality and individual differences},
  volume    = {7},
  number    = {3},
  pages     = {385--400},
  year      = {1986},
  publisher = {Elsevier}
}
@article{garland2008computer,
  title     = {Computer attitude scales: How relevant today?},
  author    = {Garland, Kate J and Noyes, Jan M},
  year      = 2008,
  journal   = {Computers in Human Behavior},
  publisher = {Elsevier},
  volume    = 24,
  number    = 2,
  pages     = {563--575}
}
@article{gendall2010effect,
  title     = {Effect of a promised donation to charity on survey response},
  author    = {Gendall, Philip and Healey, Benjamin},
  year      = 2010,
  journal   = {International Journal of Market Research},
  publisher = {SAGE Publications Sage UK: London, England},
  volume    = 52,
  number    = 5,
  pages     = {565--577}
}
@misc{glaser2008response,
  title     = {Response Rates. Encyclopedia of Survey Research Methods},
  author    = {Glaser, P},
  year      = {2008},
  publisher = {Sage: Thousand Oaks, CA, USA}
}
@article{gob2007ordinal,
  title     = {Ordinal methodology in the analysis of Likert scales},
  author    = {G{\"o}b, Rainer and McCollin, Christopher and Ramalhoto, Maria Fernanda},
  journal   = {Quality \& Quantity},
  volume    = {41},
  number    = {5},
  pages     = {601--626},
  year      = {2007},
  publisher = {Springer}
}
@article{goel2015knapsack,
  title  = {Knapsack voting},
  author = {Goel, Ashish and Krishnaswamy, Anilesh K and Sakshuwong, Sukolsak and Aitamurto, Tanja}
}
@article{gould2015home,
  title   = {Home is where the lab is: a comparison of online and lab data from a time-sensitive study of interruption},
  author  = {Gould, Sandy JJ and Cox, Anna L and Brumby, Duncan P and Wiseman, Sarah},
  journal = {Human Computation},
  volume  = {2},
  number  = {1},
  pages   = {45--67},
  year    = {2015}
}
@article{hardman1998successful,
  title     = {Successful multiparty audio communication over the Internet},
  author    = {Hardman, Vicky and Sasse, Martina Angela and Kouvelas, Isidor},
  journal   = {Communications of the ACM},
  volume    = {41},
  number    = {5},
  pages     = {74--80},
  year      = {1998},
  publisher = {ACM New York, NY, USA}
}
@article{hodge2003phrase,
  title     = {Phrase completions: An alternative to likert scales.(Note on Research Methodology)},
  author    = {Hodge, David R and Gillespie, David},
  year      = 2003,
  journal   = {Social Work Research},
  publisher = {Oxford University Press},
  volume    = 27,
  number    = 1,
  pages     = {45--56}
}
% @inproceedings{hsieh2010pay,
%   title     = {Why pay? Exploring how financial incentives are used for question \& answer},
%   author    = {Hsieh, Gary and Kraut, Robert E and Hudson, Scott E},
%   booktitle = {Proceedings of the SIGCHI Conference on Human Factors in Computing Systems},
%   pages     = {305--314},
%   year      = {2010}
% }
% @inproceedings{hsieh2016you,
%   title     = {You get who you pay for: The impact of incentives on participation bias},
%   author    = {Hsieh, Gary and Kocielnik, Rafa{\l}},
%   booktitle = {Proceedings of the 19th ACM Conference on Computer-Supported Cooperative Work \& Social Computing},
%   pages     = {823--835},
%   year      = {2016}
% }

@article{huynh2008temporal,
  title     = {Temporal aspect of perceived quality in mobile video broadcasting},
  author    = {Huynh-Thu, Quan and Ghanbari, Mohammed},
  journal   = {IEEE Transactions on Broadcasting},
  volume    = {54},
  number    = {3},
  pages     = {641--651},
  year      = {2008},
  publisher = {IEEE}
}
@article{ioannidis2005most,
  title     = {Why most published research findings are false},
  author    = {Ioannidis, John PA},
  journal   = {PLoS medicine},
  volume    = {2},
  number    = {8},
  pages     = {e124},
  year      = {2005},
  publisher = {Public Library of Science}
}
@article{iyengar2000choice,
  title     = {When choice is demotivating: Can one desire too much of a good thing?},
  author    = {Iyengar, Sheena S and Lepper, Mark R},
  journal   = {Journal of personality and social psychology},
  volume    = {79},
  number    = {6},
  pages     = {995},
  year      = {2000},
  publisher = {American Psychological Association}
}
@article{jamieson2004likert,
  title     = {Likert scales: how to (ab) use them},
  author    = {Jamieson, Susan and others},
  journal   = {Medical education},
  publisher = {Chichester},
  volume    = 38,
  number    = 12,
  pages     = {1217--1218}
}
@article{jamieson2011intervening,
  title     = {The intervening task method: Implications for measuring mediation},
  author    = {Jamieson, Jeremy P and Harkins, Stephen G},
  journal   = {Personality and Social Psychology Bulletin},
  volume    = {37},
  number    = {5},
  pages     = {652--661},
  year      = {2011},
  publisher = {Sage Publications Sage CA: Los Angeles, CA}
}
@article{joshi2015likert,
  title   = {Likert scale: Explored and explained},
  author  = {Joshi, Ankur and Kale, Saket and Chandel, Satish and Pal, D Kumar},
  journal = {Current Journal of Applied Science and Technology},
  pages   = {396--403},
  year    = {2015}
}
@inproceedings{kay2016researcher,
  title     = {Researcher-centered design of statistics: Why Bayesian statistics better fit the culture and incentives of HCI},
  author    = {Kay, Matthew and Nelson, Gregory L and Hekler, Eric B},
  booktitle = {Proceedings of the 2016 CHI Conference on Human Factors in Computing Systems},
  pages     = {4521--4532},
  year      = {2016}
}
@article{kiesler1986response,
  title     = {Response effects in the electronic survey},
  author    = {Kiesler, Sara and Sproull, Lee S},
  journal   = {Public Opinion Quarterly},
  volume    = {50},
  number    = {3},
  pages     = {402--413},
  year      = {1986},
  publisher = {Oxford University Press}
}
@inproceedings{knoche2005can,
  title     = {Can small be beautiful? Assessing image resolution requirements for mobile TV},
  author    = {Knoche, Hendrik and McCarthy, John D and Sasse, M Angela},
  booktitle = {Proceedings of the 13th annual ACM international conference on Multimedia},
  pages     = {829--838},
  year      = {2005}
}

@article{knoche2008low,
  title     = {How low can you go? The effect of low resolutions on shot types in mobile TV},
  author    = {Knoche, Hendrik and Mccarthy, John D and Sasse, M Angela},
  year      = 2008,
  journal   = {Multimedia Tools and Applications},
  publisher = {Springer},
  volume    = 36,
  number    = {1-2},
  pages     = {145--166}
}

@article{komorita1965number,
  title     = {Number of scale points and the reliability of scales},
  author    = {Komorita, Samuel S and Graham, William K},
  journal   = {Educational and Psychological Measurement},
  volume    = {25},
  number    = {4},
  pages     = {987--995},
  year      = {1965},
  publisher = {Sage Publications Sage CA: Thousand Oaks, CA}
}

@article{kruschke2010bayesian,
  title     = {Bayesian data analysis},
  author    = {Kruschke, John K},
  journal   = {Wiley Interdisciplinary Reviews: Cognitive Science},
  volume    = {1},
  number    = {5},
  pages     = {658--676},
  year      = {2010},
  publisher = {Wiley Online Library}
}

@article{kuru2016improving,
  title     = {Improving social media measurement in surveys: Avoiding acquiescence bias in Facebook research},
  author    = {Kuru, Ozan and Pasek, Josh},
  journal   = {Computers in Human Behavior},
  volume    = {57},
  pages     = {82--92},
  year      = {2016},
  publisher = {Elsevier}
}

@inproceedings{lalley2018quadratic,
  title     = {Quadratic voting: How mechanism design can radicalize democracy},
  author    = {Lalley, Steven P and Weyl, E Glen},
  year      = 2018,
  booktitle = {AEA Papers and Proceedings},
  volume    = 108,
  pages     = {33--37}
}

@inproceedings{ledo2018evaluation,
  title     = {Evaluation strategies for HCI toolkit research},
  author    = {Ledo, David and Houben, Steven and Vermeulen, Jo and Marquardt, Nicolai and Oehlberg, Lora and Greenberg, Saul},
  year      = 2018,
  booktitle = {Proceedings of the 2018 CHI Conference on Human Factors in Computing Systems},
  pages     = {1--17}
}
@inproceedings{leon2013matters,
  title     = {What matters to users? Factors that affect users' willingness to share information with online advertisers},
  author    = {Leon, Pedro Giovanni and Ur, Blase and Wang, Yang and Sleeper, Manya and Balebako, Rebecca and Shay, Richard and Bauer, Lujo and Christodorescu, Mihai and Cranor, Lorrie Faith},
  year      = 2013,
  booktitle = {Proceedings of the ninth symposium on usable privacy and security},
  pages     = {1--12}
}

@article{likert1932technique,
  title   = {A technique for the measurement of attitudes.},
  author  = {Likert, Rensis},
  year    = 1932,
  journal = {Archives of psychology}
}

@article{litman2017turkprime,
  title     = {TurkPrime. com: A versatile crowdsourcing data acquisition platform for the behavioral sciences},
  author    = {Litman, Leib and Robinson, Jonathan and Abberbock, Tzvi},
  journal   = {Behavior research methods},
  volume    = {49},
  number    = {2},
  pages     = {433--442},
  year      = {2017},
  publisher = {Springer}
}

@book{malhotra2006basic,
  title     = {Basic marketing research: A decision-making approach},
  author    = {Malhotra, Naresh K and Peterson, Mark},
  year      = {2006},
  publisher = {Prentice hall}
}

@article{meier2007subsidies,
  title     = {Do subsidies increase charitable giving in the long run? Matching donations in a field experiment},
  author    = {Meier, Stephan},
  journal   = {Journal of the European Economic Association},
  volume    = {5},
  number    = {6},
  pages     = {1203--1222},
  year      = {2007},
  publisher = {Oxford University Press}
}

@article{meisenberg2008acquiescent,
  title     = {Are acquiescent and extreme response styles related to low intelligence and education?},
  author    = {Meisenberg, Gerhard and Williams, Amandy},
  journal   = {Personality and individual differences},
  volume    = {44},
  number    = {7},
  pages     = {1539--1550},
  year      = {2008},
  publisher = {Elsevier}
}

@inproceedings{molnar2013comedy,
  title        = {COMEDY: Viewer trade off between multimedia quality and monetary benefits},
  author       = {Molnar, Andreea and Muntean, Cristina Hava},
  year         = 2013,
  booktitle    = {2013 IEEE International Symposium on Broadband Multimedia Systems and Broadcasting (BMSB)},
  pages        = {1--7},
  organization = {IEEE}
}

@article{molnar2015assessing,
  title     = {Assessing learning achievements when reducing mobile video quality},
  author    = {Molnar, Andreea and Muntean, Cristina Hava},
  year      = 2015,
  journal   = {Journal of Universal Computer Science},
  publisher = {Springer Verlag},
  volume    = 21,
  number    = 7,
  pages     = {959--975}
}

@inproceedings{moors2016two,
  title     = {Two of a Kind. Similarities Between Ranking and Rating Data in Measuring Values.},
  author    = {Moors, Guy and Vriens, Ingrid and Gelissen, John PTM and Vermunt, Jeroen K},
  booktitle = {Survey Research Methods},
  volume    = {10},
  number    = {1},
  pages     = {15--33},
  year      = {2016}
}
@article{naylor2017first,
  title     = {First year student conceptions of success: What really matters?},
  author    = {Naylor, Ryan and others},
  year      = 2017,
  journal   = {Student Success},
  publisher = {Student Success Journal},
  volume    = 8,
  number    = 2,
  pages     = {9--19}
}

@online{nielsen,
  title   = {SHELF SOLUTIONS},
  year    = 2020,
  url     = {https://www.nielsen.com/apac/en/solutions/measurement/shelf-solutions/},
  urldate = {2020-10-12}
}

@article{noll1993wideband,
  title     = {Wideband speech and audio coding},
  author    = {Noll, Peter},
  year      = 1993,
  journal   = {IEEE Communications Magazine},
  publisher = {IEEE},
  volume    = 31,
  number    = 11,
  pages     = {34--44}
}

@inproceedings{oeldorf2012bad,
  title        = {How bad is good enough?: exploring mobile video quality trade-offs for bandwidth-constrained consumers},
  author       = {Oeldorf-Hirsch, Anne and Donner, Jonathan and Cutrell, Edward},
  year         = 2012,
  booktitle    = {Proceedings of the 7th Nordic Conference on Human-Computer Interaction: Making Sense Through Design},
  pages        = {49--58},
  organization = {ACM}
}

@inproceedings{oviatt2006human,
  title     = {Human-centered design meets cognitive load theory: designing interfaces that help people think},
  author    = {Oviatt, Sharon},
  booktitle = {Proceedings of the 14th ACM international conference on Multimedia},
  pages     = {871--880},
  year      = {2006}
}

@article{ozok2009survey,
  title     = {Survey design and implementation in HCI},
  author    = {Ozok, A Ant},
  year      = 2009,
  journal   = {Human-Computer Interaction: Development Process},
  publisher = {CRC Press},
  volume    = 253
}

@article{pell2005use,
  title     = {Use and misuse of Likert scales.},
  author    = {Pell, Godfrey},
  year      = 2005,
  publisher = {Blackwell Publishing}
}

@article{pew,
  title   = {2018 Midterm Voters: Issues and Political Values},
  year    = 2018,
  journal = {Pew research center}
}

@online{pew_spending,
  title   = {Little Public Support for Reductions in Federal Spending},
  year    = 2019,
  url     = {https://www.pewresearch.org/politics/2019/04/11/little-public-support-for-reductions-in-federal-spending/},
  urldate = {2020-10-15}
}

@article{posner2017quadratic,
  title     = {Quadratic voting and the public good: introduction},
  author    = {Posner, Eric A and Weyl, E Glen},
  journal   = {Public Choice},
  volume    = {172},
  number    = {1-2},
  pages     = {1--22},
  year      = {2017},
  publisher = {Springer}
}

@book{posner2018radical,
  title     = {Radical markets: Uprooting capitalism and democracy for a just society},
  author    = {Posner, Eric A and Weyl, E Glen},
  year      = 2018,
  publisher = {Princeton University Press}
}

@article{quarfoot2017quadratic,
  title     = {Quadratic voting in the wild: real people, real votes},
  author    = {Quarfoot, David and von Kohorn, Douglas and Slavin, Kevin and Sutherland, Rory and Goldstein, David and Konar, Ellen},
  year      = 2017,
  journal   = {Public Choice},
  publisher = {Springer},
  volume    = 172,
  number    = {1-2},
  pages     = {283--303}
}

@article{roster2015exploring,
  title   = {Exploring slider vs. categorical response formats in web-based surveys},
  author  = {Roster, Catherine A and Lucianetti, Lorenzo and Albaum, Gerald},
  year    = 2015,
  journal = {Journal of Research Practice},
  volume  = 11,
  number  = 1,
  pages   = 1
}

@article{roth1982incentive,
  title     = {Incentive compatibility in a market with indivisible goods},
  author    = {Roth, Alvin E},
  journal   = {Economics letters},
  volume    = {9},
  number    = {2},
  pages     = {127--132},
  year      = {1982},
  publisher = {North-Holland}
}

@article{roughgarden2010algorithmic,
  title     = {Algorithmic game theory},
  author    = {Roughgarden, Tim},
  year      = 2010,
  journal   = {Communications of the ACM},
  publisher = {ACM New York, NY, USA},
  volume    = 53,
  number    = 7,
  pages     = {78--86}
}
@article{salvatier2016probabilistic,
  title     = {Probabilistic programming in Python using PyMC3},
  author    = {Salvatier, John and Wiecki, Thomas V and Fonnesbeck, Christopher},
  journal   = {PeerJ Computer Science},
  volume    = {2},
  pages     = {e55},
  year      = {2016},
  publisher = {PeerJ Inc.}
}

@article{scheffe1952analysis,
  title     = {An analysis of variance for paired comparisons},
  author    = {Scheff{\'e}, Henry},
  journal   = {Journal of the American Statistical Association},
  volume    = {47},
  number    = {259},
  pages     = {381--400},
  year      = {1952},
  publisher = {Taylor \& Francis}
}

@incollection{sep-voting-methods,
  title        = {Voting Methods},
  author       = {Pacuit, Eric},
  year         = 2019,
  booktitle    = {The Stanford Encyclopedia of Philosophy},
  publisher    = {Metaphysics Research Lab, Stanford University},
  editor       = {Edward N. Zalta},
  howpublished = {\url{https://plato.stanford.edu/archives/fall2019/entries/voting-methods/}},
  edition      = {Fall 2019}
}
@article{Shah2015a,
  author  = {Anuj K. Shah and Eldar Shafir and Sendhil Mullainathan},
  journal = {Psychological Science},
  number  = {4},
  pages   = {402-412},
  title   = {Scarcity Frames Value},
  volume  = {26},
  year    = {2015}
}
@article{singhal2001modern,
  title   = {Modern information retrieval: A brief overview},
  author  = {Singhal, Amit and others},
  journal = {IEEE Data Eng. Bull.},
  volume  = {24},
  number  = {4},
  pages   = {35--43},
  year    = {2001}
}
@article{starch1923methods,
  author  = {Daniel Starch},
  title   = {Research Methods in Advertising},
  journal = {The ANNALS of the American Academy of Political and Social Science},
  volume  = {110},
  number  = {1},
  pages   = {139-143},
  year    = {1923},
  doi     = {10.1177/000271622311000114},
  url     = {https://doi.org/10.1177/000271622311000114}
}
@article{steinmetz1996human,
  title     = {Human perception of jitter and media synchronization},
  author    = {Steinmetz, Ralf},
  year      = 1996,
  journal   = {IEEE Journal on selected Areas in Communications},
  publisher = {IEEE},
  volume    = 14,
  number    = 1,
  pages     = {61--72}
}

@book{stone1999science,
  title     = {The science of self-report: Implications for research and practice},
  author    = {Stone, Arthur A and Bachrach, Christine A and Jobe, Jared B and Kurtzman, Howard S and Cain, Virginia S},
  year      = {1999},
  publisher = {Psychology Press}
}
@article{vavreck2007exaggerated,
  title     = {The exaggerated effects of advertising on turnout: The dangers of self-reports},
  author    = {Vavreck, Lynn and others},
  year      = 2007,
  journal   = {Quarterly Journal of Political Science},
  publisher = {Now Publishers, Inc.},
  volume    = 2,
  number    = 4,
  pages     = {325--343}
}
@article{watson1996evaluating,
  title     = {Evaluating audio and video quality in low-cost multimedia conferencing systems},
  author    = {Watson, Anna and Sasse, Martina Angela},
  year      = 1996,
  journal   = {Interacting with Computers},
  publisher = {OUP},
  volume    = 8,
  number    = 3,
  pages     = {255--275}
}


@article{xiao2019should,
  title     = {Should We Use an Abstract Comic Form to Persuade? Experiments with Online Charitable Donation},
  author    = {Xiao, Ziang and Ho, Po-Shiun and Wang, Xinran and Karahalios, Karrie and Sundaram, Hari},
  journal   = {Proceedings of the ACM on Human-Computer Interaction},
  volume    = {3},
  number    = {CSCW},
  pages     = {1--28},
  year      = {2019},
  publisher = {ACM New York, NY, USA}
}

@inproceedings{yannakakis2011ranking,
  title        = {Ranking vs. preference: a comparative study of self-reporting},
  author       = {Yannakakis, Georgios N and Hallam, John},
  booktitle    = {International conference on affective computing and intelligent interaction},
  pages        = {437--446},
  year         = {2011},
  organization = {Springer}
}